<?xml version="1.0" encoding="UTF-8"?>
<SOAP-ENV:Envelope xmlns:SOAP-ENV="http://schemas.xmlsoap.org/soap/envelope/" xmlns:ns1="http://oss.dbc.dk/ns/openformat" xmlns:os="http://oss.dbc.dk/ns/opensearch" xmlns:dc="http://purl.org/dc/elements/1.1/" xmlns:dkabm="http://biblstandard.dk/abm/namespace/dkabm/" xmlns:ISO639-2="http://lcweb.loc.gov/standards/iso639-2/" xmlns:dcmitype="http://purl.org/dc/dcmitype/" xmlns:dcterms="http://purl.org/dc/terms/" xmlns:ac="http://biblstandard.dk/ac/namespace/" xmlns:dkdcplus="http://biblstandard.dk/abm/namespace/dkdcplus/" xmlns:oss="http://oss.dbc.dk/ns/osstypes" xmlns:marcx="info:lc/xmlns/marcxchange-v1" xmlns:xsi="http://www.w3.org/2001/XMLSchema-instance">
  <SOAP-ENV:Body>
    <ns1:formatRequest>
      <ns1:originalData>
        <os:collection>
          <os:resultPosition>1</os:resultPosition>
          <os:numberOfObjects>1</os:numberOfObjects>
          <os:object>
            <dkabm:record>
              <ac:identifier>28122098|870970</ac:identifier>
              <dc:identifier xsi:type="dkdcplus:ISBN">9788774810896</dc:identifier>
              <dc:identifier xsi:type="dcterms:URI">http://www.difres.dk/dk/publication/files/21112008$199_08_elektronisk_samlet.pdf</dc:identifier>
              <ac:source>Bibliotekskatalog</ac:source>
              <dc:title>DTU Aqua-rapport</dc:title>
              <dc:title xsi:type="dkdcplus:full">DTU Aqua-rapport : Udvikling af produktionsmetoder til intensivt opdræt af sandartyngel. Nr. 199</dc:title>
              <dcterms:alternative>DTU Aqua report</dcterms:alternative>
              <dc:subject xsi:type="dkdcplus:DK5">63.907</dc:subject>
              <dc:subject xsi:type="dkdcplus:DK5-Text">Fiskeriundersøgelser</dc:subject>
              <dc:description xsi:type="dkdcplus:series">Fortsættelse af: DFU rapport</dc:description>
              <dcterms:audience>voksenmaterialer</dcterms:audience>
              <dc:publisher>DTU Aqua, Danmarks Tekniske Universitet</dc:publisher>
              <dc:contributor xsi:type="dkdcplus:aut">Svend Steenfeldt</dc:contributor>
              <dc:contributor xsi:type="dkdcplus:aut">Ivar Lund (f. 1966-07-09)</dc:contributor>
              <dc:contributor>Danmarks Tekniske Universitet DTU Aqua</dc:contributor>
              <dc:date>2008</dc:date>
              <dc:date>2008</dc:date>
              <dc:type xsi:type="dkdcplus:BibDK-Type">Netdokument</dc:type>
              <dc:language xsi:type="dcterms:ISO639-2">mul</dc:language>
              <dc:language>Flere sprog</dc:language>
            </dkabm:record>
            <marcx:collection>
              <marcx:record format="danMARC2" type="Bibliographic">
                <marcx:leader>00000n    2200000   4500</marcx:leader>
                <marcx:datafield ind1="0" ind2="0" tag="001">
                  <marcx:subfield code="a">28122098</marcx:subfield>
                  <marcx:subfield code="b">870970</marcx:subfield>
                  <marcx:subfield code="c">20101201084911</marcx:subfield>
                  <marcx:subfield code="d">20100203</marcx:subfield>
                  <marcx:subfield code="f">a</marcx:subfield>
                </marcx:datafield>
                <marcx:datafield ind1="0" ind2="0" tag="004">
                  <marcx:subfield code="r">n</marcx:subfield>
                  <marcx:subfield code="a">e</marcx:subfield>
                </marcx:datafield>
                <marcx:datafield ind1="0" ind2="0" tag="008">
                  <marcx:subfield code="t">p</marcx:subfield>
                  <marcx:subfield code="n">a</marcx:subfield>
                  <marcx:subfield code="b">dk</marcx:subfield>
                  <marcx:subfield code="d">y</marcx:subfield>
                  <marcx:subfield code="h">m</marcx:subfield>
                  <marcx:subfield code="l">mul</marcx:subfield>
                  <marcx:subfield code="v">0</marcx:subfield>
                </marcx:datafield>
                <marcx:datafield ind1="0" ind2="0" tag="009">
                  <marcx:subfield code="a">a</marcx:subfield>
                  <marcx:subfield code="g">xe</marcx:subfield>
                </marcx:datafield>
                <marcx:datafield ind1="0" ind2="0" tag="018">
                  <marcx:subfield code="a">27173101</marcx:subfield>
                </marcx:datafield>
                <marcx:datafield ind1="0" ind2="0" tag="021">
                  <marcx:subfield code="e">9788774810896</marcx:subfield>
                </marcx:datafield>
                <marcx:datafield ind1="0" ind2="0" tag="032">
                  <marcx:subfield code="a">IDO201006</marcx:subfield>
                  <marcx:subfield code="x">ACC201005</marcx:subfield>
                  <marcx:subfield code="x">DIT991007</marcx:subfield>
                  <marcx:subfield code="x">ARK201012</marcx:subfield>
                </marcx:datafield>
                <marcx:datafield ind1="0" ind2="0" tag="245">
                  <marcx:subfield code="a">DTU Aqua-rapport</marcx:subfield>
                  <marcx:subfield code="c">Udvikling af produktionsmetoder til intensivt opdræt af sandartyngel</marcx:subfield>
                  <marcx:subfield code="g">Nr. 199</marcx:subfield>
                </marcx:datafield>
                <marcx:datafield ind1="0" ind2="0" tag="260">
                  <marcx:subfield code="c">2008</marcx:subfield>
                </marcx:datafield>
                <marcx:datafield ind1="0" ind2="0" tag="260">
                  <marcx:subfield code="b">DTU Aqua, Danmarks Tekniske Universitet</marcx:subfield>
                  <marcx:subfield code="c">2008-</marcx:subfield>
                </marcx:datafield>
                <marcx:datafield ind1="0" ind2="0" tag="500">
                  <marcx:subfield code="a">Uregelmæssig</marcx:subfield>
                </marcx:datafield>
                <marcx:datafield ind1="0" ind2="0" tag="505">
                  <marcx:subfield code="a">Serie</marcx:subfield>
                </marcx:datafield>
                <marcx:datafield ind1="0" ind2="0" tag="512">
                  <marcx:subfield code="i">Engelsksprogede numre med titel</marcx:subfield>
                  <marcx:subfield code="t">DTU Aqua report</marcx:subfield>
                </marcx:datafield>
                <marcx:datafield ind1="0" ind2="0" tag="526">
                  <marcx:subfield code="i">Fortsættelse af</marcx:subfield>
                  <marcx:subfield code="t">DFU rapport</marcx:subfield>
                </marcx:datafield>
                <marcx:datafield ind1="0" ind2="0" tag="539">
                  <marcx:subfield code="a">Nr. 197</marcx:subfield>
                </marcx:datafield>
                <marcx:datafield ind1="0" ind2="0" tag="652">
                  <marcx:subfield code="m">63.907</marcx:subfield>
                </marcx:datafield>
                <marcx:datafield ind1="0" ind2="0" tag="652">
                  <marcx:subfield code="p">55.9</marcx:subfield>
                </marcx:datafield>
                <marcx:datafield ind1="0" ind2="0" tag="700">
                  <marcx:subfield code="a">Steenfeldt</marcx:subfield>
                  <marcx:subfield code="h">Svend</marcx:subfield>
                  <marcx:subfield code="4">aut</marcx:subfield>
                </marcx:datafield>
                <marcx:datafield ind1="0" ind2="0" tag="700">
                  <marcx:subfield code="a">Lund</marcx:subfield>
                  <marcx:subfield code="h">Ivar</marcx:subfield>
                  <marcx:subfield code="c">f. 1966-07-09</marcx:subfield>
                  <marcx:subfield code="4">aut</marcx:subfield>
                </marcx:datafield>
                <marcx:datafield ind1="0" ind2="0" tag="710">
                  <marcx:subfield code="a">Danmarks Tekniske Universitet</marcx:subfield>
                  <marcx:subfield code="c">DTU Aqua</marcx:subfield>
                </marcx:datafield>
                <marcx:datafield ind1="0" ind2="0" tag="856">
                  <marcx:subfield code="z">Adgangsmåde: Internet</marcx:subfield>
                  <marcx:subfield code="u">http://www.difres.dk/dk/publication/files/21112008$199_08_elektronisk_samlet.pdf</marcx:subfield>
                  <marcx:subfield code="y">PDF-format</marcx:subfield>
                  <marcx:subfield code="s">0,5 MB</marcx:subfield>
                </marcx:datafield>
                <marcx:datafield ind1="0" ind2="0" tag="910">
                  <marcx:subfield code="a">DTU</marcx:subfield>
                  <marcx:subfield code="z">710(a)</marcx:subfield>
                </marcx:datafield>
                <marcx:datafield ind1="0" ind2="0" tag="910">
                  <marcx:subfield code="a">Danmarks Tekniske Universitet</marcx:subfield>
                  <marcx:subfield code="c">DTU Aqua - Institut for Akvatiske Ressourcer</marcx:subfield>
                  <marcx:subfield code="z">710</marcx:subfield>
                </marcx:datafield>
                <marcx:datafield ind1="0" ind2="0" tag="910">
                  <marcx:subfield code="a">DTU Aqua - Institut for Akvatiske Ressourcer, Danmarks Tekniske Universitet</marcx:subfield>
                  <marcx:subfield code="z">710</marcx:subfield>
                </marcx:datafield>
                <marcx:datafield ind1="0" ind2="0" tag="910">
                  <marcx:subfield code="a">DTU Aqua, Technical University of Denmark</marcx:subfield>
                  <marcx:subfield code="z">710</marcx:subfield>
                </marcx:datafield>
                <marcx:datafield ind1="0" ind2="0" tag="910">
                  <marcx:subfield code="a">DTU Aqua, Technical University of Denmark - National Institute of Aquatic Resources</marcx:subfield>
                  <marcx:subfield code="z">710</marcx:subfield>
                </marcx:datafield>
                <marcx:datafield ind1="0" ind2="0" tag="910">
                  <marcx:subfield code="a">DTU Aqua, Danmarks Tekniske Universitet</marcx:subfield>
                  <marcx:subfield code="z">710</marcx:subfield>
                </marcx:datafield>
                <marcx:datafield ind1="0" ind2="0" tag="910">
                  <marcx:subfield code="a">Technical University of Denmark</marcx:subfield>
                  <marcx:subfield code="c">DTU Aqua</marcx:subfield>
                  <marcx:subfield code="z">710</marcx:subfield>
                </marcx:datafield>
                <marcx:datafield ind1="0" ind2="0" tag="996">
                  <marcx:subfield code="a">DBC</marcx:subfield>
                </marcx:datafield>
              </marcx:record>