
              <marcx:record format="danMARC2" type="BibliographicMain">
                <marcx:leader>00000n    2200000   4500</marcx:leader>
                <marcx:datafield ind1="0" ind2="0" tag="001">
                  <marcx:subfield code="a">27173101</marcx:subfield>
                  <marcx:subfield code="b">870970</marcx:subfield>
                  <marcx:subfield code="c">20110114101202</marcx:subfield>
                  <marcx:subfield code="d">20080306</marcx:subfield>
                  <marcx:subfield code="f">a</marcx:subfield>
                </marcx:datafield>
                <marcx:datafield ind1="0" ind2="0" tag="004">
                  <marcx:subfield code="r">n</marcx:subfield>
                  <marcx:subfield code="a">h</marcx:subfield>
                </marcx:datafield>
                <marcx:datafield ind1="0" ind2="0" tag="008">
                  <marcx:subfield code="u">c</marcx:subfield>
                  <marcx:subfield code="a">2008</marcx:subfield>
                  <marcx:subfield code="b">dk</marcx:subfield>
                  <marcx:subfield code="c">k</marcx:subfield>
                  <marcx:subfield code="d">y</marcx:subfield>
                  <marcx:subfield code="h">m</marcx:subfield>
                  <marcx:subfield code="i">b</marcx:subfield>
                  <marcx:subfield code="l">mul</marcx:subfield>
                  <marcx:subfield code="x">05</marcx:subfield>
                  <marcx:subfield code="x">04</marcx:subfield>
                  <marcx:subfield code="v">0</marcx:subfield>
                </marcx:datafield>
                <marcx:datafield ind1="0" ind2="0" tag="009">
                  <marcx:subfield code="a">a</marcx:subfield>
                  <marcx:subfield code="g">xe</marcx:subfield>
                </marcx:datafield>
                <marcx:datafield ind1="0" ind2="0" tag="245">
                  <marcx:subfield code="a">DTU Aqua-rapport</marcx:subfield>
                </marcx:datafield>
                <marcx:datafield ind1="0" ind2="0" tag="255">
                  <marcx:subfield code="a">Nr. 177-</marcx:subfield>
                </marcx:datafield>
                <marcx:datafield ind1="0" ind2="0" tag="260">
                  <marcx:subfield code="b">DTU Aqua, Danmarks Tekniske Universitet</marcx:subfield>
                  <marcx:subfield code="c">2008-</marcx:subfield>
                </marcx:datafield>
                <marcx:datafield ind1="0" ind2="0" tag="500">
                  <marcx:subfield code="a">Uregelmæssig</marcx:subfield>
                </marcx:datafield>
                <marcx:datafield ind1="0" ind2="0" tag="505">
                  <marcx:subfield code="a">Serie</marcx:subfield>
                </marcx:datafield>
                <marcx:datafield ind1="0" ind2="0" tag="512">
                  <marcx:subfield code="i">Engelsksprogede numre med titel</marcx:subfield>
                  <marcx:subfield code="t">DTU Aqua report</marcx:subfield>
                </marcx:datafield>
                <marcx:datafield ind1="0" ind2="0" tag="526">
                  <marcx:subfield code="i">Fortsættelse af</marcx:subfield>
                  <marcx:subfield code="t">DFU rapport</marcx:subfield>
                </marcx:datafield>
                <marcx:datafield ind1="0" ind2="0" tag="539">
                  <marcx:subfield code="a">Nr. 197</marcx:subfield>
                </marcx:datafield>
                <marcx:datafield ind1="0" ind2="0" tag="652">
                  <marcx:subfield code="m">63.907</marcx:subfield>
                </marcx:datafield>
                <marcx:datafield ind1="0" ind2="0" tag="652">
                  <marcx:subfield code="p">55.9</marcx:subfield>
                </marcx:datafield>
                <marcx:datafield ind1="0" ind2="0" tag="710">
                  <marcx:subfield code="a">Danmarks Tekniske Universitet</marcx:subfield>
                  <marcx:subfield code="c">DTU Aqua</marcx:subfield>
                </marcx:datafield>
                <marcx:datafield ind1="0" ind2="0" tag="856">
                  <marcx:subfield code="z">Adgangsmåde: Internet</marcx:subfield>
                  <marcx:subfield code="u">http://www.aqua.dtu.dk/Publikationer/Forskningsrapporter.aspx</marcx:subfield>
                </marcx:datafield>
                <marcx:datafield ind1="0" ind2="0" tag="910">
                  <marcx:subfield code="a">DTU</marcx:subfield>
                  <marcx:subfield code="z">710(a)</marcx:subfield>
                </marcx:datafield>
                <marcx:datafield ind1="0" ind2="0" tag="910">
                  <marcx:subfield code="a">Danmarks Tekniske Universitet</marcx:subfield>
                  <marcx:subfield code="c">DTU Aqua - Institut for Akvatiske Ressourcer</marcx:subfield>
                  <marcx:subfield code="z">710</marcx:subfield>
                </marcx:datafield>
                <marcx:datafield ind1="0" ind2="0" tag="910">
                  <marcx:subfield code="a">DTU Aqua - Institut for Akvatiske Ressourcer, Danmarks Tekniske Universitet</marcx:subfield>
                  <marcx:subfield code="z">710</marcx:subfield>
                </marcx:datafield>
                <marcx:datafield ind1="0" ind2="0" tag="910">
                  <marcx:subfield code="a">DTU Aqua, Technical University of Denmark</marcx:subfield>
                  <marcx:subfield code="z">710</marcx:subfield>
                </marcx:datafield>
                <marcx:datafield ind1="0" ind2="0" tag="910">
                  <marcx:subfield code="a">DTU Aqua, Technical University of Denmark - National Institute of Aquatic Resources</marcx:subfield>
                  <marcx:subfield code="z">710</marcx:subfield>
                </marcx:datafield>
                <marcx:datafield ind1="0" ind2="0" tag="910">
                  <marcx:subfield code="a">DTU Aqua, Danmarks Tekniske Universitet</marcx:subfield>
                  <marcx:subfield code="z">710</marcx:subfield>
                </marcx:datafield>
                <marcx:datafield ind1="0" ind2="0" tag="910">
                  <marcx:subfield code="a">Technical University of Denmark</marcx:subfield>
                  <marcx:subfield code="c">DTU Aqua</marcx:subfield>
                  <marcx:subfield code="z">710</marcx:subfield>
                </marcx:datafield>
              </marcx:record>